@article{Wang2020TF,
   title={Towards Physics-informed Deep Learning for Turbulent Flow Prediction},
   author={Rui Wang and Karthik Kashinath and Mustafa Mustafa and Adrian Albert and Rose Yu},
   journal={Proceedings of the 26th ACM SIGKDD International Conference on Knowledge Discovery & Data Mining},
   year = {2020}
}

@article{fluiddyn,
    doi = {10.5334/jors.237},
    year = {2019},
    publisher = {Ubiquity Press,  Ltd.},
    volume = {7},
    author = {Pierre Augier and Ashwin Vishnu Mohanan and Cyrille Bonamy},
    title = {{FluidDyn}: A Python Open-Source Framework for Research and Teaching in Fluid Dynamics by Simulations,  Experiments and Data Processing},
    journal = {Journal of Open Research Software}
}

@article{fluidfft,
    doi = {10.5334/jors.238},
    year = {2019},
    publisher = {Ubiquity Press,  Ltd.},
    volume = {7},
    author = {Ashwin Vishnu Mohanan and Cyrille Bonamy and Pierre Augier},
    title = {{FluidFFT}: Common {API} (C++ and Python) for Fast Fourier Transform {HPC} Libraries},
    journal = {Journal of Open Research Software}
}

@article{fluidsim,
    doi = {10.5334/jors.239},
    year = {2019},
    publisher = {Ubiquity Press,  Ltd.},
    volume = {7},
    author = {Mohanan, Ashwin Vishnu and Bonamy, Cyrille and Linares, Miguel
        Calpe and Augier, Pierre},
    title = {{FluidSim}: {Modular}, {Object}-{Oriented} {Python} {Package} for {High}-{Performance} {CFD} {Simulations}},
    journal = {Journal of Open Research Software}
}

@article { TyphoonEnsemblePredictionSystemDevelopedattheJapanMeteorologicalAgency,
      author = "Munehiko Yamaguchi and Ryota Sakai and Masayuki Kyoda and Takuya Komori and Takashi Kadowaki",
      title = "Typhoon Ensemble Prediction System Developed at the Japan Meteorological Agency",
      journal = "Monthly Weather Review",
      year = "2009",
      publisher = "American Meteorological Society",
      address = "Boston MA, USA",
      volume = "137",
      number = "8",
      doi = "https://doi.org/10.1175/2009MWR2697.1",
      pages=      "2592 - 2604",
      url = "https://journals.ametsoc.org/view/journals/mwre/137/8/2009mwr2697.1.xml"
}

@Inbook{Joyce2011,
    author="Joyce, James M.",
    editor="Lovric, Miodrag",
    title="Kullback-Leibler Divergence",
    bookTitle="International Encyclopedia of Statistical Science",
    year="2011",
    publisher="Springer Berlin Heidelberg",
    address="Berlin, Heidelberg",
    pages="720--722",
    isbn="978-3-642-04898-2",
    doi="10.1007/978-3-642-04898-2_327",
    url="https://doi.org/10.1007/978-3-642-04898-2_327"
}

